<record><leader>00000cas a22000007a 4500</leader><controlfield tag="001">22200172</controlfield><controlfield tag="008">900809d197419uumnuwr ne      0    0eng d</controlfield><controlfield tag="009">10516</controlfield><datafield ind1=" " ind2=" " tag="010"><subfield code="a">sn 90060057 </subfield></datafield><datafield ind1=" " ind2=" " tag="040"><subfield code="a">MN#</subfield><subfield code="b">eng</subfield><subfield code="c">MN#</subfield></datafield><datafield ind1="1" ind2=" " tag="029"><subfield code="a">AU@</subfield><subfield code="b">000025902119</subfield></datafield><datafield ind1=" " ind2=" " tag="042"><subfield code="a">msc</subfield></datafield><datafield ind1=" " ind2=" " tag="043"><subfield code="a">n-us-mn</subfield></datafield><datafield ind1=" " ind2=" " tag="052"><subfield code="a">4144</subfield><subfield code="b">S7</subfield><subfield code="b">S4:2P5</subfield><subfield code="b">S4:2H3</subfield></datafield><datafield ind1=" " ind2=" " tag="052"><subfield code="a">4143</subfield><subfield code="b">D3</subfield></datafield><datafield ind1="0" ind2=" " tag="130"><subfield code="a">Midweek sun (South St. Paul, Minn. : Eastside ed.)</subfield></datafield><datafield ind1="0" ind2="0" tag="245"><subfield code="a">Midweek sun.</subfield></datafield><datafield ind1=" " ind2=" " tag="250"><subfield code="a">Eastside [ed.].</subfield></datafield><datafield ind1=" " ind2=" " tag="260"><subfield code="a">South St. Paul, Minn. :</subfield><subfield code="b">Sun Newspapers, Inc.,</subfield><subfield code="c">1974-</subfield></datafield><datafield ind1=" " ind2=" " tag="300"><subfield code="a">v.</subfield></datafield><datafield ind1=" " ind2=" " tag="310"><subfield code="a">Weekly</subfield></datafield><datafield ind1="0" ind2=" " tag="362"><subfield code="a">Vol. 2, no. 4 (June 26, 1974)-</subfield></datafield><datafield ind1=" " ind2=" " tag="500"><subfield code="a">"Serving St. Paul's Eastside".</subfield></datafield><datafield ind1=" " ind2=" " tag="530"><subfield code="a">Available on microfilm from the Minnesota Historical Society.</subfield></datafield><datafield ind1=" " ind2=" " tag="752"><subfield code="a">United States</subfield><subfield code="b">Minnesota</subfield><subfield code="c">Dakota</subfield><subfield code="d">South Saint Paul.</subfield></datafield><datafield ind1=" " ind2=" " tag="752"><subfield code="a">United States</subfield><subfield code="b">Minnesota</subfield><subfield code="c">Ramsey</subfield><subfield code="d">Saint Paul.</subfield></datafield><datafield ind1="0" ind2="0" tag="780"><subfield code="t">St. Paul metro midweek sun (Saint Paul, Minn. : Eastside ed.)</subfield><subfield code="w">(DLC)sn 90059388</subfield></datafield></record>